@ARTICLE{Chakrabarti2009,
   author = {{Chakrabarti}, A.~S. and {Chakrabarti}, B.~K. and {Chatterjee}, A. and 
	{Mitra}, M.},
    title = "{The Kolkata Paise Restaurant problem and resource utilization}",
  journal = {Physica A Statistical Mechanics and its Applications},
archivePrefix = "arXiv",
   eprint = {0711.1639},
 primaryClass = "physics.soc-ph",
     year = 2009,
    month = jun,
   volume = 388,
    pages = {2420-2426},
      doi = {10.1016/j.physa.2009.02.039},
   adsurl = {http://adsabs.harvard.edu/abs/2009PhyA..388.2420C},
  adsnote = {Provided by the SAO/NASA Astrophysics Data System}
}

@article{arthur1994,
  title={Inductive reasoning and bounded rationality},
  author={Arthur, W Brian},
  journal={The American economic review},
  volume={84},
  number={2},
  pages={406--411},
  year={1994},
  publisher={JSTOR}
}
